@book{Pressman,
  author={Pressman, Roger and Maxim, Bruce},
  title={Engenharia de Software}, 
  year={2016},
  publisher={McGraw Hill Brasil}
}


@book{Swebok,
author = {Bourque, Pierre and Fairley, Richard E.},
booktitle = {IEEE Computer Society},
doi = {10.1234/12345678},
eprint = {arXiv:1210.1833v2},
isbn = {0-7695-2330-7},
issn = {07407459},
pages = {346},
pmid = {13861254},
title = {{Guide to the Software Engineering - Body of Knowledge.}},
url = {www.swebok.org},
year = {2014}
}



@article{Kumar2014,
author = {Kumar, Gaurav and Bhatia, Pradeep Kumar},
doi = {10.1109/ACCT.2014.73},
isbn = {978-1-4799-4910-6},
issn = {23270659},
journal = {Fourth International Conference on Advanced Computing {\&} Communication Technologies},
pages = {189--196},
title = {{Comparative Analysis of Software Engineering Models from Traditional to Modern Methodologies}},
url = {http://ieeexplore.ieee.org/lpdocs/epic03/wrapper.htm?arnumber=6783451},
year = {2014}
}

@inproceedings{rees2002feasible,
  title={A feasible user story tool for agile software development?},
  author={Rees, Michael J},
  booktitle={Software Engineering Conference, 2002. Ninth Asia-Pacific},
  pages={22--30},
  year={2002},
  organization={IEEE}
}

@article{khoshgoftaar2001modeling,
  title={MODELING SOFTWARE QUALITY WITH},
  author={Khoshgoftaar, Taghi M and Allen, Edward B},
  journal={Recent Advances in Reliability and Quality Engineering},
  volume={2},
  pages={247},
  year={2001},
  publisher={World Scientific}
}

@book{Juran1998,
author = {Juran, J M and Godfrey, A Blanton},
booktitle = {McGrawHill},
doi = {10.1108/09684879310045286},
eprint = {9809069v1},
isbn = {0070331766},
issn = {0968-4875},
pages = {1730},
pmid = {21630170},
primaryClass = {arXiv:gr-qc},
title = {{Juran's Quality Control Handbook}},
url = {http://www.worldcat.org/oclc/17546189},
year = {1998}
}

@article{Pooya,
annote = {Capitulo 1 - Swebok},
author = {Zanjani, Pooya Najafi},
number = {0945},
pages = {10--13},
title = {{22 nd International Conference on Electricity Distribution Paper 0954 MONITORING AND REMOTE SENSING OF THE STREET LIGHTING SYSTEM USING COMPUTER VISION AND IMAGE PROCESSING TECHNIQUES FOR THE PURPOSE OF MECHANIZED BLACKOUTS ( DEVELOPMENT PHASE ) 22 nd Int}},
year = {2013}
}

@article{Niemann2008,
annote = {Capitulo 2 Swebok},
author = {Niemann, Michael and Eckert, Julian and Repp, Nicolas and Steinmetz, Ralf},
isbn = {9780615236933},
journal = {Proceedings of the 14th Americas Conference on Information Systems (AMCIS)},
keywords = {governance,governance policies,soa,soa governance},
number = {August},
pages = {1--10},
title = {{Towards a Generic Governance Model for Service Oriented Architectures}},
year = {2008}
}

@article{Fowlkes2000,
annote = {Capitulo 1 Swebok},
author = {Fowlkes, Jennifer E. and Salas, Eduardo and Baker, David P. and Cannon-Bowers, Janis A. and Stout, Ren{\'{e}}e J.},
doi = {10.1518/001872000779656615},
issn = {00187208},
journal = {Human Factors: The Journal of the Human Factors and Ergonomics Society},
mendeley-groups = {IPT/Q1{\_}2017/Engenharia de Software/Artigos},
number = {1},
pages = {24--35},
title = {{The Utility of Event-Based Knowledge Elicitation}},
url = {http://hfs.sagepub.com/cgi/doi/10.1518/001872000779656615},
volume = {42},
year = {2000}
}

@book{Bezerra,
author = {Eduardo Bezerra}, 
year = {2002},
publisher = {Editora Campus},
pages = {33},
title = {{Principios de Analise e Projeto de Sistemas Com Uml}},
isbn = {8535210326},
}

@article{Journal2013,
annote = {Capitulo 4 - Swebok},
author = {Journal, International and Engineering, Mechanical},
journal = {Life Science Journal},
keywords = {die,fused deposition modelling,micro hardness,pattern,photo micrographs,process capability},
number = {June},
pages = {981--992},
title = {{Improving the Software Quality by Designing an Effective Test Cases with an Unit Testing}},
volume = {7},
year = {2013}
}

@article{Engineering1983,
author = {Engineering, Software and Committee, Technical and Engineers, Electronic},
file = {:C$\backslash$:/Users/Dell/Google Drive/Mestrado IPT/Q1{\_}2017/Engenharia de Software/Material Aula/Trabalho/Artigos/Artigos{\_}Cap{\_}05{\_}a{\_}08/828-1983 (IEEE Standard for Software Configuration Management Plans).pdf:pdf},
title = {{IEEE Standard for Software Configuration Management P l a n s}},
year = {1983}
}

@article{Rochd2014,
file = {:C$\backslash$:/Users/Dell/GOOGLE{\~{}}1/MESTRA{\~{}}1/Q1{\_}2017/ENGENH{\~{}}1/MATERI{\~{}}1/Trabalho/Artigos/ARTIGO{\~{}}1/Amal, Christian e Claude 2014 (Implementing and validating SynchSPEM A solution for synchronizing activities and products within a software engineering process).pdf:pdf},
isbn = {9781479938247},
journal = {International Conference on Multimedia Computing and Systems -Proceedings},
keywords = {EDA,Publish/Subscribe,SPEM,SynchSPEM,kermeta,metamodeling,process models,synchronization},
pages = {1071--1076},
title = {{Implementing and validating SynchSPEM: A solution for synchronizing activities and products within a software engineering process}},
volume = {0},
year = {2014}
}

@article{Sarfraz2009,
author = {Sarfraz, Farhan},
doi = {10.1109/PICMET.2009.5262001},
file = {:C$\backslash$:/Users/Dell/Google Drive/Mestrado IPT/Q1{\_}2017/Engenharia de Software/Material Aula/Trabalho/Artigos/Artigos{\_}Cap{\_}05{\_}a{\_}08/Farhan Sarfraz 2009 (Managing for a Successful Project Closure).pdf:pdf},
isbn = {1890843202},
journal = {PICMET: Portland International Center for Management of Engineering and Technology, Proceedings},
pages = {1392--1395},
title = {{Managing for a successful project closure}},
year = {2009}
}

@article{McCaffery2008,
author = {McCaffery, Fergal and Pikkarainen, Minna and Richardson, Ita},
doi = {10.1145/1368088.1368164},
file = {:C$\backslash$:/Users/Dell/Google Drive/Mestrado IPT/Q1{\_}2017/Engenharia de Software/Material Aula/Trabalho/Artigos/Artigos{\_}Cap{\_}05{\_}a{\_}08/Fergal, Minna e Ita 2008 (AHAA {\^{u}}Agile, Hybrid Assessment Method for Automotive, Safety Critical SMEs).pdf:pdf},
isbn = {978-1-60558-079-1},
issn = {0270-5257},
journal = {International Conference on Software Engineering},
keywords = {agile practices,assessment methods,automotive spice,cmmi,safety-critical,software process improvement},
pages = {9},
title = {{AhAA - Agile, Hybrid Assessment Method for Automotive, Safety Critical SMEs}},
url = {http://portal.acm.org/citation.cfm?id=1368088.1368164},
year = {2008}
}

@article{Srewuttanapitikul2016,
author = {Srewuttanapitikul, Kittiya},
file = {:C$\backslash$:/Users/Dell/Google Drive/Mestrado IPT/Q1{\_}2017/Engenharia de Software/Material Aula/Trabalho/Artigos/Artigos{\_}Cap{\_}05{\_}a{\_}08/Kittiya e Pornsiri 2016 (Prioritizing Software Maintenance Plan by Analyzing User Feedback).pdf:pdf},
isbn = {9781509054930},
keywords = {ahp,an evaluation of the,analytical hierarchy process,be resolved,keywords,prioritizing method is provided,priority,software defect,software maintenance,the ranking process uses,to prioritize defects to},
title = {{Analyzing User Feedback}},
year = {2016}
}

@article{Chaparro2016,
author = {Chaparro, Oscar and Marcus, Andrian},
doi = {10.1145/2889160.2892647},
file = {:C$\backslash$:/Users/Dell/Google Drive/Mestrado IPT/Q1{\_}2017/Engenharia de Software/Material Aula/Trabalho/Artigos/Artigos{\_}Cap{\_}05{\_}a{\_}08/Oscar e Andrian 2016 (On the Reduction of Verbose Queries in Text Retrieval Based Software Maintenance).pdf:pdf},
isbn = {9781450342056},
keywords = {query reduction,software maintenance,text retrieval},
pages = {716--718},
title = {{On the Reduction of Verbose Queries in Text Retrieval Based Software Maintenance}},
year = {2016}
}

@article{Patil2016,
author = {Patil, Sushant and Parmar, Urvil and Karegaonkar, Rohit},
doi = {10.1109/ITEC-India.2015.7386880},
file = {:C$\backslash$:/Users/Dell/Google Drive/Mestrado IPT/Q1{\_}2017/Engenharia de Software/Material Aula/Trabalho/Artigos/Artigos{\_}Cap{\_}05{\_}a{\_}08/Patil 2016 (Automated Software Testing for High-end Touch Screen Automotive Displays).pdf:pdf},
isbn = {9781509019113},
journal = {2015 IEEE International Transportation Electrification Conference, ITEC-India 2015},
pages = {1--4},
title = {{Automated software testing for high-end touch screen automotive displays}},
year = {2016}
}

@article{Stroian2014,
author = {Stroian, Vasile and Bourque, Pierre and Abran, Alain},
doi = {10.1109/AQTR.2014.6857857},
file = {:C$\backslash$:/Users/Dell/GOOGLE{\~{}}1/MESTRA{\~{}}1/Q1{\_}2017/ENGENH{\~{}}1/MATERI{\~{}}1/Trabalho/Artigos/ARTIGO{\~{}}1/Vasile, Pierre e Alain 2014 (A White-Box Tool to Set Performance Targets in Software Engineering Management using the ISBSG Repository).pdf:pdf},
isbn = {9781479937318},
journal = {Proceedings of 2014 IEEE International Conference on Automation, Quality and Testing, Robotics, AQTR 2014},
keywords = {ISBSG,International Software Benchmarking Standards Group,Performance Management,Software Engineering Management,Visualization},
pages = {0--5},
title = {{A white-box tool to set performance targets in software engineering management using the ISBSG repository}},
year = {2014}
}

@article{Velarde2016,
author = {Velarde, H. and Santiesteban, C. and Garcia, A. and Casillas, J.},
doi = {10.1109/TLA.2016.7786379},
file = {:C$\backslash$:/Users/Dell/Google Drive/Mestrado IPT/Q1{\_}2017/Engenharia de Software/Material Aula/Trabalho/Artigos/Artigos{\_}Cap{\_}05{\_}a{\_}08/Velarde et al 2016 (Software Development Effort Estimation based-on Multiple Classifier system and Lines of Code).pdf:pdf},
issn = {15480992},
journal = {IEEE Latin America Transactions},
keywords = {classifiers,decision trees,effort estimation,explanatory models,multiple,regression trees,software metrics},
number = {8},
pages = {3907--3913},
title = {{Software Development Effort Estimation based-on multiple classifier system and Lines of Code}},
volume = {14},
year = {2016}
}

@article{Ren2010,
author = {Ren, Yongchang and Quan, Qiang and Xing, Tao and Chen, Xiaoji},
doi = {10.1109/ISISE.2010.112},
file = {:C$\backslash$:/Users/Dell/Google Drive/Mestrado IPT/Q1{\_}2017/Engenharia de Software/Material Aula/Trabalho/Artigos/Artigos{\_}Cap{\_}05{\_}a{\_}08/Yongchang et al (Fuzzy Decision Analysis of the Software Configuration Management Tools Selection).pdf:pdf},
isbn = {978-1-61284-428-2},
issn = {2160-1283},
journal = {2010 Third International Symposium on Information Science and Engineering},
pages = {295--297},
title = {{Fuzzy Decision Analysis of the Software Configuration Management Tools Selection}},
url = {http://ieeexplore.ieee.org/lpdocs/epic03/wrapper.htm?arnumber=5945107},
year = {2010}
}

@article{ISO9000,
author = {Associação Brasileira de Normas Técnicas},
title = {{NBR ISO 9000/2000 - Sistema de Gestão da 
Qualidade: Fundamentos e Vocabulário}},
year = {2004},
publisher = {ABNT}
}
 

@article{ISOTS,
author = {Associação Brasileira de Normas Técnicas},
title = {{ABNT ISO/TS 16949:2009 Sistemas de gestão da qualidade, requisitos particulares para a aplicação da ABNT NBR ISO 9001:2008 para organizações de produção automotiva e peças de reposição pertinentes}},
publisher = {ABNT - Associação Brasileira de Normas Técnicas},
year = {2010}
}

@online{COMPUTERWORLD,
	title = {{Como medir com eficiência a qualidade de software na sua empresa - {COMPUTERWORLD}},
	url = {http://computerworld.com.br/tecnologia/2014/05/13/como-medir-com-eficiencia-a-qualidade-de-software-na-sua-empresa},
	urldate = {2017-05-04}
}

@article{Donohue2005,
author = {Donohue, SK and Dugan, JB},
isbn = {0769523064},
journal = {Software Engineering Workshop, 2005. 29th Annual IEEE/NASA},
keywords = {bayesian belief networks,model,population,software,software quality assurance,validation and verification},
pages = {5--13},
title = {{Is My Software" Good Enough" to Release?-A Probabilistic Assessment}},
url = {http://ieeexplore.ieee.org/xpls/abs{\_}all.jsp?arnumber=1521189},
year = {2005}
}

@article{Subramanyan2009,
author = {Subramanyan, Rajesh},
doi = {10.1109/SSIRI.2009.67},
file = {:C$\backslash$:/Users/Dell/Google Drive/Mestrado IPT/Q1{\_}2017/Engenharia de Software/Material Aula/Trabalho/Artigos/Artigos{\_}Cap{\_}11{\_}a{\_}12/Rajesh e Vivek 2009 (Evolving Software Models for Global Organizations).pdf:pdf},
isbn = {978-0-7695-3758-0},
journal = {2009 Third IEEE International Conference on Secure Software Integration and Reliability Improvement},
keywords = {Costs,Geography,Global communication,Project management,Software quality,USA Councils},
pages = {317--317},
title = {{Panel Description: Evolving Software Models for Global Organizations}},
url = {http://ieeexplore.ieee.org/lpdocs/epic03/wrapper.htm?arnumber=5325360},
year = {2009}
}

@article{Huang2015,
author = {Huang, J and Sun, H and Li, Y},
doi = {10.1109/IEEM.2015.7385605},
file = {:C$\backslash$:/Users/Dell/Google Drive/Mestrado IPT/Q1{\_}2017/Engenharia de Software/Material Aula/Trabalho/Artigos/Artigos{\_}Cap{\_}11{\_}a{\_}12/Jianglin, Hongyi e Yan-Fu 2015 (An Empirical Study of the Impact of Project Factors on Software Economics).pdf:pdf},
isbn = {978-1-4673-8066-9},
journal = {2015 IEEE International Conference on Industrial Engineering and Engineering Management (IEEM)},
keywords = {productivity,quality,software,team size},
pages = {43--47},
title = {{An empirical study of the impact of project factors on software economics}},
url = {http://ieeexplore.ieee.org/document/7385605/},
year = {2015}
}

@article{Treude2015,
author = {Treude, Christoph and Prolo, Carlos A. and Filho, Fernando Figueira},
doi = {10.1109/SBES.2015.27},
file = {:C$\backslash$:/Users/Dell/Google Drive/Mestrado IPT/Q1{\_}2017/Engenharia de Software/Material Aula/Trabalho/Artigos/Artigos{\_}Cap{\_}11{\_}a{\_}12/Christoph, Carlos e Fernando 2015 (Challenges in Analyzing Software Documentation in Portuguese).pdf:pdf},
isbn = {9781467392723},
journal = {Proceedings - 29th Brazilian Symposium on Software Engineering, SBES 2015},
keywords = {Documentation,natural language processing},
pages = {179--184},
title = {{Challenges in Analyzing Software Documentation in Portuguese}},
year = {2015}
}

@inproceedings{rogerson2002software,
  title={The software engineering code of ethics and professional practice: a case for being proactive},
  author={Rogerson, Simon}
}

@inproceedings{donohue2005my,
  title={Is My Software" Good Enough" to Release?-A Probabilistic Assessment},
  author={Donohue, Susan K and Dugan, Joanne Bechta and Brown, Charles L},
  booktitle={Software Engineering Workshop, 2005. 29th Annual IEEE/NASA},
  pages={5--13},
  year={2005},
  organization={IEEE}
}

